
%%%%%%%% S-matrix textbooks %%%%%%%%%%%%%%%%%%%%%%%%%%%%%%%%%%%%
@book{Eden:1966dnq,
    author = "Eden, Richard John and Landshoff, Peter V. and Olive, David I. and Polkinghorne, John Charlton",
    title = "{The analytic S-matrix}",
    isbn = "978-0-521-04869-9",
    publisher = "Cambridge Univ. Press",
    address = "Cambridge",
    year = "1966"
}

@article{Mizera:2023tfe,
    author = "Mizera, Sebastian",
    title = "{Physics of the analytic S-matrix}",
    eprint = "2306.05395",
    archivePrefix = "arXiv",
    primaryClass = "hep-th",
    doi = "10.1016/j.physrep.2023.10.006",
    journal = "Phys. Rept.",
    volume = "1047",
    pages = "1--92",
    year = "2024"
}

%%%%%%%%% S-matrix review papers or references %%%%%%%%%%%%%%%%%%%


%%%%%%%%%%%%% S-matrix research papers %%%%%%%%%%%%%%%%%%%%%%%%%%%%